@article { Boruvka,
	author	= {Ne\v{s}et\v{r}il, J. and Milkov\'a, E. and Ne\v{s}et\v{r}ilov\'a, H.},
	title	= {Otakar Bor\r{u}vka on minimum spanning tree problem Translation of both the 1926 papers, comments, history},
	year	= {2001},
	journal	= {Discrete Mathematics},
	volume	= {223},
	pages	= {3--36},
}

@book{ CLRS,
	author		= {Cormen, Thomas H. and Leiserson, Charles E. and Rivest, Ronald L. and Stein, Clifford},
	title		= {Introduction to Algorithms, Third Edition},
	year		= {2009},
	isbn		= {0262033844, 9780262033848},
	edition		= {3rd},
	publisher	= {The MIT Press},
}

@article { MST,
	author	= {Bazlama\c{c}c\i{}, C\"{u}neyt F. and  Hindi, Khalil S.},
	title	= {Minimum-weight spanning tree algorithms A survey and empirical study},
	year	= {2001},
	journal	= {Computers \& Operations Research},
	volume	= {28},
	pages	= {767--785},
}

@unpublished { Dijkstra,
	author	= {Borradaile, G.},
	title	= {Dijkstra's algorithm: Correctness by induction},
	note	= {\url{https://web.engr.oregonstate.edu/~glencora/wiki/uploads/dijkstra-proof.pdf}},
}
