@online{WISeREP,
	title = {Spectra search},
	year = 2020,
	url = {https://wiserep.weizmann.ac.io/search/spectra},
	urldate = {2020-11-23}
}
@online{supernovacatalog,
	title = {The Open Supernova Catalog},
	year = 2020,
	url = {https://sne.space},
	urldate = {2020-11-23}
}
