@book{UniPhys,
	title = {University Physics},
	edition = {12},
	author = {Young, Hugh and Freedman, Roger and Sears, Francis and Zemansky, Mark},
	isbn = {9780321500625},
	year = {2008},
	publisher = {Pearson Education}
}
@online{nasa-mars,
	author = {National Aeronautics and Space Administration},
	title = {NASA's Mars Exploration Program},
	url = {https://mars.nasa.gov/},
	urldate = {2020-11-15}
}
@online{nasa-mars2,
	author = {National Aeronautics and Space Administration},
	title = {Mars Fact Sheet},
	url = {https://nssdc.gsfc.nasa.gov/planetary/factsheet/marsfact.html},
	urldate = {2020-11-15}
}
@online{nasa-mars3,
	author = {National Aeronautics and Space Administration},
	title = {Mars Opposition $\vert$ Mars in our Night Sky},
	url = {https://mars.nasa.gov/all-about-mars/night-sky/opposition/},
	urldate = {2020-11-15}
}
