@online{spacecom,
	author = {Charles Q. Choi},
	title = {Earth's Sun: Facts About the Sun's Age, Size and History},
	year = 2017,
	url = {https://space.com/58-the-sun-formation-facts-and-characteristics.html},
	urldate = {2020-09-25}
}

@online{stellardb-betelgeuse,
	title = {Betelgeuse},
	year = 2001,
	url = {http://stellar-database.com/Scripts/search_star.exe?Name=betelgeuse},
	urldate = {2020-09-26}
}

@online{stellardb-sirius,
	title = {Sirius},
	year = 2001,
	url = {http://stellar-database.com/Scripts/search_star.exe?Name=sirius},
	urldate = {2020-09-26}
}

@online{britannica-fraunhofer,
	title = {Fraunhofer lines},
	year = 2018,
	url = {https://www.britannica.com/science/Fraunhofer-lines},
	urldate = {2020-09-25}
}

@online{phys-atmosphere-spec,
	title = {The atmosphere of a new ultra hot Jupiter is analyzed},
	author = {Instituto de Astrof√≠sica de Canarias},
	year = 2019,
	url = {https://phys.org/news/2019-06-atmosphere-ultra-hot-jupiter.html},
	urldate = {2020-09-27}
}
