@online{lecture-slides,
	author = {Martin, Travis},
	title = {ASTR 101 Slides -- History of Astronomy},
	year = 2020,
	urldate = {2020-10-12}
}
