@online{stellarium,
	title = {Stellarium},
	url = {https://stellarium-web.org},
	urldate = {2020-11-21}
}
@book{arcticsky,
	title = {The Arctic Sky: Inuit Astronomy, Star Lore, and Legend},
	author = {MacDonald, John},
	isbn = {9780888544278},
	year = {1998},
	publisher = {Royal Ontario Museum/Nunavut Research Institute}
}
@online{messier3,
	title = {Messier 3},
	url = {https://www.messier-objects.com/messier-3},
	urldate = {2020-11-21}
}
@online{messier44,
	title = {Messier 44},
	url = {https://www.messier-objects.com/messier-44-beehive-cluster},
	urldate = {2020-11-21}
}
@online{messier57,
	title = {Messier 57},
	url = {https://www.messier-objects.com/messier-57-ring-nebula},
	urldate = {2020-11-21}
}
@online{messier81,
	title = {Messier 81},
	url = {https://www.messier-objects.com/messier-81-bodes-galaxy},
	urldate = {2020-11-21}
}
@online{albireo,
	title = {Albireo},
	url = {https://www.star-facts.com/albireo/},
	urldate = {2020-11-22}
}
@online{2mass,
	title = {The Two Micron All Sky Survey at IPAC},
	url = {https://old.ipac.caltech.edu/2mass/},
	urldate = {2020-11-22}
}
@online{deepskywatch,
	title = {What Can You See With Different Telescopes},
	author = {Vlasov, Michael},
	url = {www.deepskywatch.com/Articles/what-can-i-see-through-telescope.html},
	urldate = {2020-11-22}
}
@online{nakedeyeplanets,
	title = {Venus Through the Telescope},
	author = {Powell, Martin J.},
	url = {www.deepskywatch.com/Articles/what-can-i-see-through-telescope.html},
	urldate = {2020-11-22}
}
@online{cetus-wiki,
	title = {Cetus},
	url = {https://en.wikipedia.org/wiki/Cetus},
	urldate = {2020-11-21}
}
@online{andromeda-wiki,
	title = {Andromeda (constellation)},
	url = {https://en.wikipedia.org/wiki/Andromeda_(constellation)},
	urldate = {2020-11-21}
}
