@book{ Kleinberg,
	author		= {Kleinberg, Jon and Tardos, \'{E}va},
	title		= {Algorithm Design},
	year		= {2009},
	isbn		= {0262033844, 9780262033848},
	edition		= {3rd},
	publisher	= {The MIT Press},
}

@misc { LoadBalance,
	author	= {Dean, Brian},
	title	= {Lecture notes in Theoretical Computer Science},
	month	= {March},
	year	= {2002},
	note	= {\url{http://www-math.mit.edu/~steng/18.996/lect7.ps}},
}

@article { Kidney,
	author	= {Roth, Alvin E. and S\"{o}nmez, Tayfun and \"{U}nver, M. Utku},
	title	= {Kidney Exchange},
	year	= {2004},
	journal	= {The Quarterly Journal of Economics},
	volume	= {119},
	pages	= {457--488},
}
