@online{seds-m67,
	author = {Frommert, Hartmut},
	title = {Messier 67},
	year = 2013,
	url = {http://www.messier.seds.org/m/m067.html},
	urldate = {2020-10-18}
}
