@online{m3-dist,
	title = {Messier 3},
	year = 2015,
	url = {https://www.messier-objects.com/messier-3/},
	urldate = {2020-11-02}
}

@online{milky-way-dist,
	author = {Reid, Mark J.},
	title = {The Distance to the Center of the Milky Way},
	url = {https://www.cfa.harvard.edu/~reid/trigpar.html},
	urldate = {2020-11-02}
}
