@book{ Golumbic,
	author		= {Golumbic, Martin C.},
	title		= {Algorithmic Graph Theory and Perfect Graphs},
	year		= {2004},
	edition		= {2nd},
	publisher	= {Elsevier},
}
@book{ West,
	author		= {West, Douglas B.},
	title		= {Introduction to Graph Theory},
	year		= {2000},
	edition		= {2nd},
	publisher	= {Prentice Hall},
}
@article { Booth,
	author	= {Booth, Kellogg S. and Lueker, George S.},
	title	= {Testing for the consecutive ones property, interval graphs, and graph planarity using PQ-tree algorithms},
	year	= {1976},
	journal	= {Journal of Computer and System Sciences},
	volume	= {13},
	pages	= {335--379},
}
@article { Fulkerson,
	author	= {Fulkerson, Delbert R. and Gross, Oliver},
	title	= {Incidence matrices and interval graphs},
	year	= {1965},
	journal	= {Pacific Journal of Mathematics},
	volume	= {15(3)},
	pages	= {835--855},
}
@article { Olariu,
	author	= {Olariu, Stephan},
	title	= {An optimal greedy heuristic to color interval graphs},
	year	= {1991},
	journal	= {Information Processing Letters},
	volume	= {37(1)},
	pages	= {21--25},
}
@article { Gavril,
	author	= {Gavril, Fanica},
	title	= {Algorithms for minimum coloring, maximum clique, minimum covering by cliques, and maximum independent set of a chordal graph},
	year	= {1972},
	journal	= {SIAM Journal on Computing},
	volume	= {1(2)},
	pages	= {180--187},
}
