@online{impact-simulator,
	author = {Collins, Gareth and Melosh, H. Jay and Marcus, Robert},
	title = {Impact: Earth!},
	url = {https://www.purdue.edu/impactearth/},
	urldate = {2020-10-25}
}
@online{nasa-impact,
	author = {National Aeronautics and Space Administration},
	title = {Planetary Defense Frequently Asked Questions},
	url = {https://www.nasa.gov/planetarydefense/faq},
	urldate = {2020-10-25}
}
@online{britannica-sedimentary,
	author = {Crook, Keith A.W.},
	title = {Sedimentary Rock},
	url = {https://www.britannica.com/science/sedimentary-rock},
	urldate = {2020-10-25}
}
@online{moon-map,
	author = {Fortezzo, C.M. and Spudis, P.D. and Harrel, S.L.},
	title = {Release of the Digital Unified Global Geologic Map of the Moon At 1:5,000,000-Scale},
	year = 2020,
	url = {https://www.hou.usra.edu/meetings/lpsc2020/pdf/2760.pdf},
	urldate = {2020-10-25}
}
