@book{ Golumbic,
	author		= {Golumbic, Martin C.},
	title		= {Algorithmic Graph Theory and Perfect Graphs},
	year		= {2004},
	edition		= {2nd},
	publisher	= {Elsevier},
}
@article{ Hammer,
	author	= {Hammer, P. L. and Simeone, B.},
	title	= {The splittance of a graph},
	year	= {1977},
	journal	= {Combinatorica},
	volume	= {1(3)},
	pages	= {275--284},
}
