@article { vanRooij,
	author	= {van Rooij, A and Wilf, H},
	title	= {The interchange graphs of a finite graph},
	year	= {1974},
	journal	= {Acta Mathematica Hungarica},
	volume	= {16},
	pages	= {263--269},
}

@article { Lehot,
	author	= {Lehot, P},
	title	= {An Optimal Algorithm to Detect a Line Graph and Output Its Root Graph},
	year	= {1974},
	journal	= {Journal of the ACM},
	volume	= {21},
	pages	= {569--575},
}
